1638 3086
62 351 77 384 Ι

119 329 121 335 k
196 326 295 367 102
375 294 1274 359 ·A6A·uuaxfsenor.as·rzex
1345 309 1531 390 nimpe

201 444 431 494 „ultimam
468 440 615 485 {inistri
652 441 792 483 iateris
828 453 883 482 ex
916 437 1082 483 adverso
1127 419 1453 496 tespondentem
1478 449 1525 484 et

205 511 492 569 „oppofitam,
544 501 721 564 eamque
757 512 921 551 tertiam
960 510 1163 557 decimam
1200 501 1533 566 appellabant-ff

138 601 144 607 ‘¹
207 583 347 628 Verba
376 579 470 624 sunt
500 579 676 634 Salmas
643 596 674 621 1
697 594 739 633 p.
765 576 959 636 752r5q
1025 583 1086 622 Ex
1112 579 1250 622 nostro
1269 582 1359 622 loco
1380 593 1545 630 vocem¹

211 655 366 702 σοῢμμος
389 653 432 693 in
452 652 631 693 Lexicon
655 650 798 691 retulit
822 649 1003 708 Ducang.
1027 664 1068 705 p.
1100 659 1190 704 141
1205 659 1246 693 1.
1266 672 1333 682 -·-
1372 654 1426 694 V.‘
1444 651 1471 692 1
1488 660 1527 693 1.

188 720 326 789 Ιὸςὶινε.
362 724 455 764 Vat.
480 720 581 762 Cod.
616 719 727 773 quod
751 719 1023 774 probandum.
1075 721 1217 761 Etiam
1233 721 1444 774 proximus
1470 721 1529 765 lo·

217 805 287 835 cus
310 806 332 831 a
350 788 521 841 summo,
542 791 566 830 i'.
589 803 625 831 e.
641 785 815 831 secunda
835 789 959 837 linea,
982 788 1162 830 habebat
1184 789 1302 833 binos
1323 782 1526 847 calculo&

217 862 388 903 ultimus
428 861 609 915 denique
650 859 827 901 calculus
860 870 949 916 etat
980 860 1023 901 in
1056 860 1268 912 earlinea,
1301 872 1409 915 quae
1432 865 1531 912 δέρος

220 926 515 985 appellabatur,
542 931 567 970 i.
592 942 629 971 e.
652 930 799 970 Divus.
842 928 952 970 Vide
974 931 1166 987 Ducange
1185 942 1225 982 p,
1253 938 1367 982 303.
1383 971 1388 973 ,
1407 932 1533 972 Hunc

202 1001 378 1044 ·Divum
407 1000 534 1041 Pauw
562 999 699 1040 locum
733 998 940 1040 decimum
972 1008 1167 1054 quartum
1199 997 1284 1041 effe
1309 995 1533 1052 suspicaba-

222 1080 304 1111 tur.
355 1068 436 1110 Sed
467 1083 530 1110 res
553 1068 825 1110 vehementer
844 1070 1002 1110 incerta
1030 1068 1101 1111 est.
1123 1092 1190 1100 ·—
1242 1068 1331 1111 Post
1358 1069 1532 1124 quinde-

223 1139 304 1181 cim
330 1139 502 1181 calculos
525 1138 638 1180 albos
660 1150 925 1180 enumeratos
953 1135 1140 1194 sequitur
1169 1137 1272 1206 ordo
1300 1140 1535 1195 nigrorum.

226 1276 294 1287 -
313 1249 366 1296 V
395 1264 469 1306 13.
492 1258 527 1295 iv
549 1255 704 1296 omittit
723 1255 815 1296 Vat.
841 1254 948 1297 Cod.
989 1254 1089 1297 ubi
1078 1270 1122 1298 m
1144 1253 1230 1298 fine
1253 1250 1390 1297 versus
1417 1218 1534 1325 xupzu

223 1325 394 1380 legitur.
456 1326 510 1366 ‚ln
550 1326 639 1366 loco
671 1322 809 1366 octavo
845 1324 934 1366 bini
968 1326 1077 1382 nigri
1110 1337 1254 1378 erant,
1283 1317 1472 1367 totidem
1489 1324 1535 1366 in

225 1395 473 1444 undecim03
508 1394 596 1434 bini
626 1395 777 1435 iterum
815 1395 858 1434 in
879 1394 1140 1448 duodecimo,
1170 1408 1278 1438 unus
1301 1395 1348 1436 in
1370 1391 1534 1443 decimo

226 1462 365 1505 tertio.
395 1484 464 1492 —
530 1466 581 1505 V.
610 1472 683 1516 14.
726 1461 912 1509 ἑνδεκάτην
941 1463 999 1505 est
1032 1465 1077 1505 in
1109 1464 1212 1507 cod.
1237 1466 1331 1507 Vat.
1394 1461 1536 1522 Vulgo

227 1531 414 1587 {megarae
448 1532 615 1587 legitur.
679 1532 789 1573 Illud
820 1546 963 1573 verum
995 1543 1110 1586 putat
1141 1533 1184 1574 C.
1214 1533 1259 1574 de
1283 1533 1426 1584 Panem,
1465 1531 1540 1588 qui

230 1612 448 1657 praeterea
476 1600 660 1645 ἑνδεκάτου
692 1602 881 1654 conjicit,
917 1602 1028 1656 quod
1066 1613 1165 1643 ante
1194 1615 1292 1643 eum
1319 1599 1538 1656 suspicatus

231 1663 292 1712 est
320 1669 387 1717 Th.
412 1670 522 1723 Hyde
547 1671 592 1712 in
615 1670 860 1712 Nerdiludio
892 1684 930 1723 p.
959 1680 1038 1725 45.
1084 1667 1089 1672 “
1111 1671 1254 1724 Quum
1287 1668 1375 1726 post
1402 1671 1541 1711 locum

231 1739 440 1782 decimum
473 1741 643 1782 tertium
675 1751 1019 1782 commemoretur
1041 1742 1291 1798 Antigonus,
1322 1738 1410 1793 post
1430 1738 1543 1780 hune

230 1809 344 1852 linea
364 1810 522 1850 decima
541 1811 701 1867 quinta,
736 1810 802 1850 vix
820 1810 999 1868 dubitari
1023 1807 1136 1863 poffe
1156 1809 1333 1859 videtur,
1365 1808 1543 1864 Antigo-

231 1890 335 1921 num
362 1875 446 1919 effe
480 1878 637 1923 lineam
664 1878 867 1919 decimam
897 1888 1102 1933 quartam.
1173 1878 1283 1920 Huic
1317 1879 1361 1920 in
1397 1875 1544 1921 dextra

237 1958 355 2003 parte
379 1947 534 1989 Divum
558 1946 788 2002 oppofitum
810 1945 944 2000 fuiffe‚
971 1944 1194 2002 suspicatur
1213 1943 1431 1999 Salmafi'us.
1467 1946 1545 1988 1110

237 2017 356 2059 enim*
374 2017 546 2058 nomine
573 2014 683 2071 quasi
703 2017 877 2059 Romani
905 2018 1014 2073 regis
1040 2014 1180 2059 sedem
1208 2013 1441 2072 fignificari,
1476 2014 1544 2059 cui

238 2075 466 2128 contrarius
498 2083 544 2126 fit
567 2087 820 2143 Antigonus,
863 2084 974 2140 quod
1003 2084 1062 2128 est
1083 2098 1240 2127 nomen
1263 2083 1547 2126 Macedonum

239 2155 364 2212 regis,
405 2168 507 2210 quos
531 2151 692 2210 semper
717 2156 908 2198 Romanis
940 2152 1126 2197 adversos
1159 2151 1280 2195 fuifl’e
1308 2164 1456 2196 notum
1475 2151 1550 2211 est.

240 2226 299 2269 At
318 2222 369 2266 fic
391 2225 526 2267 Divus
546 2226 656 2267 linea
677 2223 780 2267 ess'et
797 2225 1030 2278 undecima,
1058 2237 1165 2280 quae
1189 2239 1227 2266 v.
1244 2233 1318 2280 14.
1340 2214 1550 2280 sigillatim

241 2288 611 2350 commemoratut,
655 2294 888 2351 eademque
921 2306 1115 2348 occupata
1148 2291 1250 2336 effet
1282 2292 1390 2335 binis
1420 2291 1552 2350 nigris

242 2363 406 2406 calculis
435 2374 478 2405 et
500 2378 585 2405 uno
607 2363 725 2417 alb03
764 2364 878 2419 quod
903 2379 988 2406 non
1011 2362 1101 2405 fieri
1133 2361 1277 2419 potest.
1347 2363 1552 2406 Ceterum

242 2442 292 2474 ut
312 2434 547 2490 Antigonus
560 2434 697 2474 lineae
719 2447 874 2477 nomen
893 2433 960 2485 est,
986 2431 1038 2486 fic
1056 2434 1183 2486 jactus
1204 2431 1374 2488 quidam
1394 2432 1438 2473 in
1458 2430 1552 2473 talis

245 2499 469 2543 Alexander
496 2502 802 2557 appellabatur,
835 2503 936 2546 alius
958 2504 1131 2547 Darius.
1182 2502 1292 2545 Vide
1319 2490 1479 2556 δεηβςῖ.
1505 2500 1552 2541 in

243 2567 455 2612 Thesauro
478 2572 658 2614 Gronov.
691 2575 742 2614 T.
761 2574 856 2616 vn.
886 2586 926 2626 p.
957 2583 974 2614 1
992 2571 1098 2623 156.
1117 2594 1186 2606 —-
1235 2573 1288 2614 V.
1313 2580 1387 2622 17.
1416 2569 1555 2611 Etiam

243 2638 290 2680 in
319 2639 430 2681 linea
461 2640 619 2681 decima
652 2641 797 2695 quinta
831 2653 950 2684 eraut
981 2647 1147 2695 δίζυγες,
1186 2639 1268 2686 five
1290 2637 1435 2684 calculi
1469 2637 1554 2680 duo

242 2706 386 2762 junfli.
406 2728 474 2738 ·—·
507 2710 603 2748 πέντ’
621 2716 677 2750 ἐπὶ
700 2709 757 2757 κω)
773 2717 922 2762 δεκάτῳ.
945 2712 1038 2754 Vat.
1058 2711 1162 2755 Cod
1182 2731 1253 2742 ·—
1286 2712 1342 2752 V
1361 2703 1557 2760 19-3ur1'

243 2773 305 2824 ι’μᾶ
333 2781 471 2831 δικάσῃ
495 2785 705 2830 πανομοίιοε.
743 2782 837 2823 Vat.
849 2780 955 2824 Cod.
988 2780 1187 2836 posterius
1206 2792 1354 2824 *etum
1384 2789 1427 2821 et
1452 2768 1568 2842 reci-2
